%YAML 1.1
%TAG !u! tag:unity3d.com,2011:
--- !u!1 &3451434950059538834
GameObject:
  m_ObjectHideFlags: 0
  m_CorrespondingSourceObject: {fileID: 0}
  m_PrefabInstance: {fileID: 0}
  m_PrefabAsset: {fileID: 0}
  serializedVersion: 6
  m_Component:
  - component: {fileID: 3451434950059538833}
  m_Layer: 0
  m_Name: shootPoint
  m_TagString: Untagged
  m_Icon: {fileID: 0}
  m_NavMeshLayer: 0
  m_StaticEditorFlags: 0
  m_IsActive: 1
--- !u!4 &3451434950059538833
Transform:
  m_ObjectHideFlags: 0
  m_CorrespondingSourceObject: {fileID: 0}
  m_PrefabInstance: {fileID: 0}
  m_PrefabAsset: {fileID: 0}
  m_GameObject: {fileID: 3451434950059538834}
  m_LocalRotation: {x: -0, y: -0, z: -0, w: 1}
  m_LocalPosition: {x: 0, y: 1.1, z: 1.5}
  m_LocalScale: {x: 0.5, y: 0.5, z: 0.5}
  m_Children:
  - {fileID: 684011604945081619}
  m_Father: {fileID: 3452875490325014921}
  m_RootOrder: 1
  m_LocalEulerAnglesHint: {x: 0, y: 0, z: 0}
--- !u!1 &8805479797990653379
GameObject:
  m_ObjectHideFlags: 0
  m_CorrespondingSourceObject: {fileID: 0}
  m_PrefabInstance: {fileID: 0}
  m_PrefabAsset: {fileID: 0}
  serializedVersion: 6
  m_Component:
  - component: {fileID: 8805479797990653378}
  m_Layer: 0
  m_Name: Tower
  m_TagString: Untagged
  m_Icon: {fileID: 0}
  m_NavMeshLayer: 0
  m_StaticEditorFlags: 0
  m_IsActive: 1
--- !u!4 &8805479797990653378
Transform:
  m_ObjectHideFlags: 0
  m_CorrespondingSourceObject: {fileID: 0}
  m_PrefabInstance: {fileID: 0}
  m_PrefabAsset: {fileID: 0}
  m_GameObject: {fileID: 8805479797990653379}
  m_LocalRotation: {x: 0, y: 0, z: 0, w: 1}
  m_LocalPosition: {x: 0, y: 0, z: 0}
  m_LocalScale: {x: 1, y: 1, z: 1}
  m_Children:
  - {fileID: 3452738587141159899}
  m_Father: {fileID: 8805479798279209325}
  m_RootOrder: 0
  m_LocalEulerAnglesHint: {x: 0, y: 0, z: 0}
--- !u!1 &8805479798279209326
GameObject:
  m_ObjectHideFlags: 0
  m_CorrespondingSourceObject: {fileID: 0}
  m_PrefabInstance: {fileID: 0}
  m_PrefabAsset: {fileID: 0}
  serializedVersion: 6
  m_Component:
  - component: {fileID: 8805479798279209325}
  - component: {fileID: 6844883096904090994}
  - component: {fileID: 6829348055251762932}
  m_Layer: 0
  m_Name: Sniper
  m_TagString: Tower
  m_Icon: {fileID: 0}
  m_NavMeshLayer: 0
  m_StaticEditorFlags: 0
  m_IsActive: 1
--- !u!4 &8805479798279209325
Transform:
  m_ObjectHideFlags: 0
  m_CorrespondingSourceObject: {fileID: 0}
  m_PrefabInstance: {fileID: 0}
  m_PrefabAsset: {fileID: 0}
  m_GameObject: {fileID: 8805479798279209326}
  m_LocalRotation: {x: 0, y: 0, z: 0, w: 1}
  m_LocalPosition: {x: -25, y: 1.5, z: -20}
  m_LocalScale: {x: 2, y: 2, z: 2}
  m_Children:
  - {fileID: 8805479797990653378}
  - {fileID: 8805479799903522595}
  m_Father: {fileID: 0}
  m_RootOrder: 0
  m_LocalEulerAnglesHint: {x: 0, y: 0, z: 0}
--- !u!114 &6844883096904090994
MonoBehaviour:
  m_ObjectHideFlags: 0
  m_CorrespondingSourceObject: {fileID: 0}
  m_PrefabInstance: {fileID: 0}
  m_PrefabAsset: {fileID: 0}
  m_GameObject: {fileID: 8805479798279209326}
  m_Enabled: 1
  m_EditorHideFlags: 0
  m_Script: {fileID: 11500000, guid: 24cda79e8bdc1c7479a06477d5f40c22, type: 3}
  m_Name: 
  m_EditorClassIdentifier: 
  towerName: Sniper
  towerDescription: A tower designed to take down enemies from really far away.
  damage: 15
  attackSpeed: 0.5
  range: 25
  purchasePrice: 50
  upgradePrice: 100
  sellPrice: 25
  isBossKiller: 0
  targetHit: 0
  isDual: 0
  currentLevel: 0
  currentTarget: {fileID: 0}
  currentTargets: []
  targetType: 0
  lookingPercent: 0
  rotationPart: {fileID: 3452738587141159899}
  shootPosition: {fileID: 3451434950059538833}
  shootPosition2: {fileID: 3451434950059538833}
  shootEffect: {fileID: 5952610281760580418}
  shootEffect2: {fileID: 5952610281760580418}
  towerUpgrade: {fileID: 7773986041728307626, guid: 8833b9e4327fd1845aa819e220292f2d, type: 3}
  changedTarget: 0
  bullet: {fileID: 2010780183143304251, guid: a3f6e9ec3f47e3340a9c9cd4c885cedc, type: 3}
--- !u!65 &6829348055251762932
BoxCollider:
  m_ObjectHideFlags: 0
  m_CorrespondingSourceObject: {fileID: 0}
  m_PrefabInstance: {fileID: 0}
  m_PrefabAsset: {fileID: 0}
  m_GameObject: {fileID: 8805479798279209326}
  m_Material: {fileID: 0}
  m_IsTrigger: 0
  m_Enabled: 1
  serializedVersion: 2
  m_Size: {x: 4, y: 2, z: 4}
  m_Center: {x: 0, y: 0.5, z: 0}
--- !u!1 &8805479799903522596
GameObject:
  m_ObjectHideFlags: 0
  m_CorrespondingSourceObject: {fileID: 0}
  m_PrefabInstance: {fileID: 0}
  m_PrefabAsset: {fileID: 0}
  serializedVersion: 6
  m_Component:
  - component: {fileID: 8805479799903522595}
  - component: {fileID: 8805479799903522527}
  - component: {fileID: 8805479799903522592}
  - component: {fileID: 8805479799903522593}
  - component: {fileID: 8805479799903522594}
  m_Layer: 0
  m_Name: Cube
  m_TagString: Untagged
  m_Icon: {fileID: 0}
  m_NavMeshLayer: 0
  m_StaticEditorFlags: 0
  m_IsActive: 1
--- !u!4 &8805479799903522595
Transform:
  m_ObjectHideFlags: 0
  m_CorrespondingSourceObject: {fileID: 0}
  m_PrefabInstance: {fileID: 0}
  m_PrefabAsset: {fileID: 0}
  m_GameObject: {fileID: 8805479799903522596}
  m_LocalRotation: {x: -0, y: -0, z: -0, w: 1}
  m_LocalPosition: {x: 0, y: -0.5, z: 0}
  m_LocalScale: {x: 5, y: 0.5, z: 5}
  m_Children: []
  m_Father: {fileID: 8805479798279209325}
  m_RootOrder: 1
  m_LocalEulerAnglesHint: {x: 0, y: 0, z: 0}
--- !u!33 &8805479799903522527
MeshFilter:
  m_ObjectHideFlags: 0
  m_CorrespondingSourceObject: {fileID: 0}
  m_PrefabInstance: {fileID: 0}
  m_PrefabAsset: {fileID: 0}
  m_GameObject: {fileID: 8805479799903522596}
  m_Mesh: {fileID: 10202, guid: 0000000000000000e000000000000000, type: 0}
--- !u!23 &8805479799903522592
MeshRenderer:
  m_ObjectHideFlags: 0
  m_CorrespondingSourceObject: {fileID: 0}
  m_PrefabInstance: {fileID: 0}
  m_PrefabAsset: {fileID: 0}
  m_GameObject: {fileID: 8805479799903522596}
  m_Enabled: 1
  m_CastShadows: 1
  m_ReceiveShadows: 1
  m_DynamicOccludee: 1
  m_MotionVectors: 1
  m_LightProbeUsage: 1
  m_ReflectionProbeUsage: 1
  m_RayTracingMode: 2
  m_RayTraceProcedural: 0
  m_RenderingLayerMask: 1
  m_RendererPriority: 0
  m_Materials:
  - {fileID: 2100000, guid: 6d1c4391176882a409d7c4cdcf5e99f0, type: 2}
  m_StaticBatchInfo:
    firstSubMesh: 0
    subMeshCount: 0
  m_StaticBatchRoot: {fileID: 0}
  m_ProbeAnchor: {fileID: 0}
  m_LightProbeVolumeOverride: {fileID: 0}
  m_ScaleInLightmap: 1
  m_ReceiveGI: 1
  m_PreserveUVs: 0
  m_IgnoreNormalsForChartDetection: 0
  m_ImportantGI: 0
  m_StitchLightmapSeams: 1
  m_SelectedEditorRenderState: 3
  m_MinimumChartSize: 4
  m_AutoUVMaxDistance: 0.5
  m_AutoUVMaxAngle: 89
  m_LightmapParameters: {fileID: 0}
  m_SortingLayerID: 0
  m_SortingLayer: 0
  m_SortingOrder: 0
  m_AdditionalVertexStreams: {fileID: 0}
--- !u!65 &8805479799903522593
BoxCollider:
  m_ObjectHideFlags: 0
  m_CorrespondingSourceObject: {fileID: 0}
  m_PrefabInstance: {fileID: 0}
  m_PrefabAsset: {fileID: 0}
  m_GameObject: {fileID: 8805479799903522596}
  m_Material: {fileID: 0}
  m_IsTrigger: 0
  m_Enabled: 1
  serializedVersion: 2
  m_Size: {x: 1, y: 1, z: 1}
  m_Center: {x: 0, y: 0, z: 0}
--- !u!208 &8805479799903522594
NavMeshObstacle:
  m_ObjectHideFlags: 0
  m_CorrespondingSourceObject: {fileID: 0}
  m_PrefabInstance: {fileID: 0}
  m_PrefabAsset: {fileID: 0}
  m_GameObject: {fileID: 8805479799903522596}
  m_Enabled: 1
  serializedVersion: 3
  m_Shape: 1
  m_Extents: {x: 0.5, y: 0.5, z: 0.5}
  m_MoveThreshold: 0
  m_Carve: 1
  m_CarveOnlyStationary: 1
  m_Center: {x: 0, y: 0, z: 0}
  m_TimeToStationary: 0
--- !u!1001 &3451434948416092325
PrefabInstance:
  m_ObjectHideFlags: 0
  serializedVersion: 2
  m_Modification:
    m_TransformParent: {fileID: 3451434950059538833}
    m_Modifications:
    - target: {fileID: 2003954974329165169, guid: 6854f10470f3a6240bcf8081a5cb6d77, type: 3}
      propertyPath: m_Materials.Array.size
      value: 1
      objectReference: {fileID: 0}
    - target: {fileID: 2782077928056991158, guid: 6854f10470f3a6240bcf8081a5cb6d77, type: 3}
      propertyPath: m_RootOrder
      value: 0
      objectReference: {fileID: 0}
    - target: {fileID: 2782077928056991158, guid: 6854f10470f3a6240bcf8081a5cb6d77, type: 3}
      propertyPath: m_LocalPosition.x
      value: 0
      objectReference: {fileID: 0}
    - target: {fileID: 2782077928056991158, guid: 6854f10470f3a6240bcf8081a5cb6d77, type: 3}
      propertyPath: m_LocalPosition.y
      value: -0.3
      objectReference: {fileID: 0}
    - target: {fileID: 2782077928056991158, guid: 6854f10470f3a6240bcf8081a5cb6d77, type: 3}
      propertyPath: m_LocalPosition.z
      value: 0
      objectReference: {fileID: 0}
    - target: {fileID: 2782077928056991158, guid: 6854f10470f3a6240bcf8081a5cb6d77, type: 3}
      propertyPath: m_LocalRotation.w
      value: 0.7071068
      objectReference: {fileID: 0}
    - target: {fileID: 2782077928056991158, guid: 6854f10470f3a6240bcf8081a5cb6d77, type: 3}
      propertyPath: m_LocalRotation.x
      value: -0.7071068
      objectReference: {fileID: 0}
    - target: {fileID: 2782077928056991158, guid: 6854f10470f3a6240bcf8081a5cb6d77, type: 3}
      propertyPath: m_LocalRotation.y
      value: -0
      objectReference: {fileID: 0}
    - target: {fileID: 2782077928056991158, guid: 6854f10470f3a6240bcf8081a5cb6d77, type: 3}
      propertyPath: m_LocalRotation.z
      value: -0
      objectReference: {fileID: 0}
    - target: {fileID: 2782077928056991158, guid: 6854f10470f3a6240bcf8081a5cb6d77, type: 3}
      propertyPath: m_LocalEulerAnglesHint.x
      value: 0
      objectReference: {fileID: 0}
    - target: {fileID: 2782077928056991158, guid: 6854f10470f3a6240bcf8081a5cb6d77, type: 3}
      propertyPath: m_LocalEulerAnglesHint.y
      value: 0
      objectReference: {fileID: 0}
    - target: {fileID: 2782077928056991158, guid: 6854f10470f3a6240bcf8081a5cb6d77, type: 3}
      propertyPath: m_LocalEulerAnglesHint.z
      value: 0
      objectReference: {fileID: 0}
    - target: {fileID: 2846103342802094172, guid: 6854f10470f3a6240bcf8081a5cb6d77, type: 3}
      propertyPath: m_Materials.Array.size
      value: 1
      objectReference: {fileID: 0}
    - target: {fileID: 9042698429730970599, guid: 6854f10470f3a6240bcf8081a5cb6d77, type: 3}
      propertyPath: m_Name
      value: MiniExploLightningBlue
      objectReference: {fileID: 0}
    m_RemovedComponents: []
  m_SourcePrefab: {fileID: 100100000, guid: 6854f10470f3a6240bcf8081a5cb6d77, type: 3}
--- !u!1 &5952610281760580418 stripped
GameObject:
  m_CorrespondingSourceObject: {fileID: 9042698429730970599, guid: 6854f10470f3a6240bcf8081a5cb6d77, type: 3}
  m_PrefabInstance: {fileID: 3451434948416092325}
  m_PrefabAsset: {fileID: 0}
--- !u!4 &684011604945081619 stripped
Transform:
  m_CorrespondingSourceObject: {fileID: 2782077928056991158, guid: 6854f10470f3a6240bcf8081a5cb6d77, type: 3}
  m_PrefabInstance: {fileID: 3451434948416092325}
  m_PrefabAsset: {fileID: 0}
--- !u!114 &3451434948707533525
MonoBehaviour:
  m_ObjectHideFlags: 0
  m_CorrespondingSourceObject: {fileID: 0}
  m_PrefabInstance: {fileID: 0}
  m_PrefabAsset: {fileID: 0}
  m_GameObject: {fileID: 5952610281760580418}
  m_Enabled: 1
  m_EditorHideFlags: 0
  m_Script: {fileID: 11500000, guid: 5aa5c1e37409a9344a344c0468db383d, type: 3}
  m_Name: 
  m_EditorClassIdentifier: 
  prefabSound: {fileID: 1297775994297274, guid: 9150517e6165b0f41a4b19231fc8c2ca, type: 3}
  destroyWhenDone: 0
  soundPrefabIsChild: 1
  pitchRandomMultiplier: 2.31
--- !u!1001 &3451434948713272847
PrefabInstance:
  m_ObjectHideFlags: 0
  serializedVersion: 2
  m_Modification:
    m_TransformParent: {fileID: 8805479797990653378}
    m_Modifications:
    - target: {fileID: 1706519756113082, guid: d82522db9ccce854eba00b1a281d7ec9, type: 3}
      propertyPath: m_Name
      value: SM_Prop_Turret_Small_Floor_01
      objectReference: {fileID: 0}
    - target: {fileID: 4330698198052308, guid: d82522db9ccce854eba00b1a281d7ec9, type: 3}
      propertyPath: m_RootOrder
      value: 0
      objectReference: {fileID: 0}
    - target: {fileID: 4330698198052308, guid: d82522db9ccce854eba00b1a281d7ec9, type: 3}
      propertyPath: m_LocalScale.x
      value: 2
      objectReference: {fileID: 0}
    - target: {fileID: 4330698198052308, guid: d82522db9ccce854eba00b1a281d7ec9, type: 3}
      propertyPath: m_LocalScale.y
      value: 2
      objectReference: {fileID: 0}
    - target: {fileID: 4330698198052308, guid: d82522db9ccce854eba00b1a281d7ec9, type: 3}
      propertyPath: m_LocalScale.z
      value: 2
      objectReference: {fileID: 0}
    - target: {fileID: 4330698198052308, guid: d82522db9ccce854eba00b1a281d7ec9, type: 3}
      propertyPath: m_LocalPosition.x
      value: 0
      objectReference: {fileID: 0}
    - target: {fileID: 4330698198052308, guid: d82522db9ccce854eba00b1a281d7ec9, type: 3}
      propertyPath: m_LocalPosition.y
      value: 0
      objectReference: {fileID: 0}
    - target: {fileID: 4330698198052308, guid: d82522db9ccce854eba00b1a281d7ec9, type: 3}
      propertyPath: m_LocalPosition.z
      value: 0
      objectReference: {fileID: 0}
    - target: {fileID: 4330698198052308, guid: d82522db9ccce854eba00b1a281d7ec9, type: 3}
      propertyPath: m_LocalRotation.w
      value: 1
      objectReference: {fileID: 0}
    - target: {fileID: 4330698198052308, guid: d82522db9ccce854eba00b1a281d7ec9, type: 3}
      propertyPath: m_LocalRotation.x
      value: 0
      objectReference: {fileID: 0}
    - target: {fileID: 4330698198052308, guid: d82522db9ccce854eba00b1a281d7ec9, type: 3}
      propertyPath: m_LocalRotation.y
      value: 0
      objectReference: {fileID: 0}
    - target: {fileID: 4330698198052308, guid: d82522db9ccce854eba00b1a281d7ec9, type: 3}
      propertyPath: m_LocalRotation.z
      value: 0
      objectReference: {fileID: 0}
    - target: {fileID: 4330698198052308, guid: d82522db9ccce854eba00b1a281d7ec9, type: 3}
      propertyPath: m_LocalEulerAnglesHint.x
      value: 0
      objectReference: {fileID: 0}
    - target: {fileID: 4330698198052308, guid: d82522db9ccce854eba00b1a281d7ec9, type: 3}
      propertyPath: m_LocalEulerAnglesHint.y
      value: 0
      objectReference: {fileID: 0}
    - target: {fileID: 4330698198052308, guid: d82522db9ccce854eba00b1a281d7ec9, type: 3}
      propertyPath: m_LocalEulerAnglesHint.z
      value: 0
      objectReference: {fileID: 0}
    - target: {fileID: 4857788719136574, guid: d82522db9ccce854eba00b1a281d7ec9, type: 3}
      propertyPath: m_LocalPosition.x
      value: -0.00000019045547
      objectReference: {fileID: 0}
    - target: {fileID: 64012730035533984, guid: d82522db9ccce854eba00b1a281d7ec9, type: 3}
      propertyPath: m_Enabled
      value: 0
      objectReference: {fileID: 0}
    - target: {fileID: 64355565096868962, guid: d82522db9ccce854eba00b1a281d7ec9, type: 3}
      propertyPath: m_Enabled
      value: 0
      objectReference: {fileID: 0}
    m_RemovedComponents: []
  m_SourcePrefab: {fileID: 100100000, guid: d82522db9ccce854eba00b1a281d7ec9, type: 3}
--- !u!4 &3452738587141159899 stripped
Transform:
  m_CorrespondingSourceObject: {fileID: 4330698198052308, guid: d82522db9ccce854eba00b1a281d7ec9, type: 3}
  m_PrefabInstance: {fileID: 3451434948713272847}
  m_PrefabAsset: {fileID: 0}
--- !u!4 &3452875490325014921 stripped
Transform:
  m_CorrespondingSourceObject: {fileID: 4193788555034502, guid: d82522db9ccce854eba00b1a281d7ec9, type: 3}
  m_PrefabInstance: {fileID: 3451434948713272847}
  m_PrefabAsset: {fileID: 0}
